
@online{astro,
    author    = {Astro},
    title     = {Astro Documentation},
    year      = {2025},
    url       = {https://docs.astro.build/},
    urldate   = {2025-03-31}
}

@online{supabase,
    author    = {Supabase Inc},
    title     = {Supabase Documentation},
    year      = {2025},
    url       = {https://supabase.com/docs},
    urldate   = {2025-04-08}
}

@online{webrtc,
    author    = {WebRTC},
    title     = {WebRTC Documentation},
    year      = {2025},
    url       = {https://webrtc.org/},
    urldate   = {2025-04-25}
}

@online{rtsptoweb,
    author    = {RTSPtoWeb},
    title     = {RTSPtoWeb Documentation},
    year      = {2025},
    url       = {https://github.com/deepch/RTSPtoWeb},
    urldate   = {2025-04-28}
}

@online{onvif,
    author    = {ONVIF},
    title     = {Open Network Video Interface Forum},
    year      = {2025},
    url       = {https://www.onvif.org/},
    urldate   = {2025-06-02}
}

@online{sonarqube,
    author    = {SonarSource},
    title     = {SonarQube Documentation},
    year      = {2025},
    url       = {https://www.sonarsource.com/learn/},
    urldate   = {2025-06-23}
}

@online{yolo,
    author    = {Ultralytics Inc},
    title     = {YOLO Documentation},
    year      = {2025},
    url       = {https://docs.ultralytics.com/},
    urldate   = {2025-07-07}
}

@article{shao2018crowdhuman,
title={CrowdHuman: A Benchmark for Detecting Human in a Crowd},
author={Shao, Shuai and Zhao, Zijian and Li, Boxun and Xiao, Tete and Yu, Gang and Zhang, Xiangyu and Sun, Jian},
journal={arXiv preprint arXiv:1805.00123},
year={2018}
}
